% This file was created with JabRef 2.5.
% Encoding: Cp1252

@BOOK{bcnn:simulation,
  title = {{D}iscrete-{E}vent {S}ystem {S}imulation},
  publisher = {Prentice-Hall, Inc.},
  year = {2000},
  author = {Jerry Banks and John S. Carson and Barry L. Nelson and David M. Nicol},
  address = {Upper Saddle River, New Jersey},
  edition = {3rd}
}

@BOOK{glasserman:mc,
  title = {Monte Carlo Methods in Financial Engineering},
  publisher = {Springer Science \& Business Media.},
  year = {2013},
  author = {Glasserman, P.},
  address = {New York, NY}
}

@MISC{MLS,
  author = {Toscano-Palmerin, S. and P. I. Frazier},
  title = {Most Likely to Succeed Code},
  year = {2018},
  note = {Accessed May 10\textsuperscript{th}, 2018.},
  howpublished =  "\url{https://github.com/toscanosaul/bayesian_quadrature_optimization/tree/master/multi_start}"
}

@BOOK{kushner,
  title = {Stochastic Approximation and Recursive Algorithms and Applications (Vol. 35).},
  publisher = {Springer Science \& Business Media.},
  year = {2003},
  author = {Kushner, H. and Yin, G.G.},
  address = {New York, NY},
}

@article{Neal:GPBayesian,
	Author = {R.M. Neal},
	Journal = {arXiv physics/9701026},
	Title = {Monte Carlo Implementation of Gaussian Process Models for Bayesian Regression and Classification},
	Year = {1997}}
	
  @article{radford2003Slice,
    Author = {Neal, Radford M.},
    Journal = {Annals of Statistics},
    Title = {Slice Sampling},
    Year = {2003},
    Pages = {705-741},
    Volume = {31},
    number = {3}
 }
 
  @article{yoshua94,
    Author = {Yoshua Bengio and Patrice Simard and Paola Frasconi},
    Journal = {IEEE transactions on neural networks},
    Title = {Learning Long-Term Dependencies with Gradient Descent Is Difficult.},
    Volume={5},
    Number={2},
    Year = {1994},
    Pages = {157-166},
 }
 
 
 
  @article{entropySearch,
    Author = {Hennig, P. and Schuler, C.J.},
    Journal = {Journal of Machine Learning Research},
    Title = {Entropy Search for Information-Efficient Global Optimization.},
    Year = {2012},
    Volume = {13},
    Number = {6},
    Pages = {1809--1837} 
 }
 
@article{jones1998efficient,
	Author = {Jones, Donald R and Schonlau, Matthias and Welch, William J},
	Journal = {Journal of Global Optimization},
	Number = {4},
	Pages = {455--492},
	Publisher = {Springer},
	Title = {Efficient Global Optimization of Expensive Black-Box Functions},
	Volume = {13},
	Year = {1998}}
	

@article{multi_start,
	Author = {Toscano-Palmerin, S. and P. I. Frazier},
	Journal = {Winter Simulation Conference},
	Year = {2018},
	Title = {Effort Allocation and Statistical Inference for 1-Dimensional Multistart Stochastic Gradient Descent} 
}
	
@article{brochu2010tutorial,
	Author = {Brochu, Eric and Cora, Vlad M and De Freitas, Nando},
	Journal = {arXiv preprint arXiv:1012.2599},
	Title = {A Tutorial on Bayesian Optimization of Expensive Cost Functions, with Application to Active User Modeling and Hierarchical Reinforcement Learning},
	Year = {2010}}
	
@article{boca2017,
	Author = {Kandasamy, K. and Dasarathy, G. and Schneider, J. and Poczos, B.},
	Journal = {arXiv preprint arXiv:1703.06240.},
	Title = {Multi-Fidelity Bayesian Optimisation with Continuous Approximations.},
	Year = {2017}}


	
@book{Bechhofer:1995,
	Address = {New York, NY},
	Author = {Bechhofer, R. E. and  Santner, T.J. and  Goldsman, D. M.},
	Publisher = {J.Wiley and Sons},
	Title = {Design and Analysis of Experiments for Statistical Selection, Screening and Multiple Comparisons.},
	Year = {1995}}
	
@conference{kim:2007,
	Address = {Piscataway, New Jersey},
	Author = {S.H. Kim and B.L. Nelson},
	Booktitle = {Proceedings of the 2007 Winter Simulation Conference},
	Editor = {{Henderson et al.}, Shane},
	Pages = {162--172},
	Publisher = {Institute of Electrical and Electronics Engineers, Inc.},
	Title = {Recent Advances in Ranking and Selection},
	Year = {2007}}
	
@conference{frazier2009calibration,
	Address = {Piscataway, New Jersey},
	Author = {P. Frazier and W.B. Powell and H.P. Sim√£o},
	Booktitle = {Proceedings of the 2009 Winter Simulation Conference},
	Pages = {339--351},
	Editor = {{Rossetti et al.}, M. D.},
	Publisher = {Institute of Electrical and Electronics Engineers, Inc.},
	Title = {Simulation Model Calibration with Correlated Knowledge-Gradients.},
	Year = {2009}}

	
@inproceedings{kim:20062,
	Address = {Elsevier, Amsterdam},
	Author = {S.H. Kim and B.L. Nelson},
	Booktitle = {Handbook in Operations Research and Management Science: Simulation},
	Editor = {S.G. Henderson and B.L. Nelson},
	Pages = {501--534},
	Title = {Selecting the Best System},
	Year = {2006}}
	
@article{Frazier:BIZ,
	Author = {P. I. Frazier},
	Journal = {Operations Research},
	Number = {4},
	Pages = {926-942},
	Title = {A Fully Sequential Elimination Procedure for Indifference-Zone Ranking and Selection with Tight Bounds on Probability of Correct Selection},
	Volume = {62},
	Year = {2014}}
	
@article{frazier2009knowledge,
	Author = {Frazier, Peter and Powell, Warren and Dayanik, Savas},
	Journal = {INFORMS Journal on Computing},
	Number = {4},
	Pages = {599--613},
	Publisher = {INFORMS},
	Title = {The Knowledge-Gradient Policy for Correlated Normal Beliefs},
	Volume = {21},
	Year = {2009}}
	
@book{forrester2008engineering,
	Author = {Forrester, Alexander and Sobester, Andras and Keane, Andy},
	Publisher = {John Wiley \& Sons},
	Title = {Engineering Design via Surrogate Modelling: A Practical Guide},
	Year = {2008},
	address={Chichester, UK}}
 


@ARTICLE{sgd:Nemirovski,
  author = {A.  Nemirovski and D. Yudin},
  title = {On Cezari's Convergence of the Steepest Descent Method for Approximating Saddle Point of Convex-Concave Functions.},
  journal = {Soviet Math},
  year = {1978},
  volume = {19},
}

@ARTICLE{adam,
	author = {Kingma, D. and Ba, J.},
	journal = {arXiv 1412.6980},
	title = {Adam: A Method for Stochastic Optimization.},
	year = {2014}}

 @inproceedings{cnn_cifar,
	Author = {Krizhevsky, A. and Sutskever, I. and Hinton, G.E.},
	Booktitle = {Advances in Neural Information Processing Systems},
	Pages = {1097--1105},
	Publisher = {Curran Associates, Inc.},
	address = {Lake Tahoe, Nevada },
	Title = {Imagenet classification with deep convolutional neural networks},
	Year = {2012}}
	
	
@inproceedings{fu2015,
	Author = {Fu, M. C.},
	Publisher = {Springer},
	Title = {Stochastic Gradient Estimation},
	Booktitle = {In Handbook of simulation optimization},
	editor = {M. C. Fu},
	Pages = {105--147},
	Year = {2015},
	address = {New York, NY}}
	
@inproceedings{marti:2016,
	Author = {Mart{\'i}, R. and Lozano, J.A. and Mendiburu, A. and Hernando, L.},
	Title = {Multi-Start Methods},
	Booktitle = {Handbook of Heuristics},
	Publisher = {Springer International Publishing},
	address = {New York, NY},
	Pages = {1--21},
	Year = {2016}}
	
@ARTICLE{boender:1987,
	author = {C. G. E. Boender and A.R. Kan},
	journal = {Mathematical Programming},
	title = {BBayesian Stopping Rules for Multistart Global Optimization Methods.},
	Pages = {59--80},
	volume = {37},
    number={1},
	year = {1987}}

	
@book{murphy2012machine,
	Author = {Murphy, Kevin P},
	Publisher = {MIT press},
	Title = {Machine Learning: A Probabilistic Perspective},
	Year = {2012},
	address = {Cambridge, MA}}
	
@BOOK{RaWi06,
  title = {Gaussian Processes for Machine Learning},
  publisher = {MIT Press},
  year = {2006},
  author = {Rasmussen, C.E. and Williams, C.K.I.},
  address = {Cambridge, MA},
  file = {RaWi06.pdf:RaWi06.pdf:PDF},
  owner = {pfrazier},
  timestamp = {2008.05.22},
  url = {http://www.gaussianprocess.org/gpml}
}

@ARTICLE{schoen:1991,
  author = {Schoen, F.},
  title = {Stochastic Techniques for Global Optimization: A Survey of Recent Advances},
  journal = {Journal of Global Optimization},
  year = {1991},
  volume = {1},
  number={3},
  pages = {207--228}
}	

@ARTICLE{Swersky:2014,
	author = {Swersky, K. and Snoek, J. and Adams, R.P.},
	journal = {arXiv preprint arXiv:1406.3896},
	title = {Freeze-Thaw Bayesian Optimization.},
	year = {2014}}

@conference{Hutter:2015,
  author = {Domhan, T. and Springenberg, J.T. and Hutter, F.},
  title = {Speeding Up Automatic Hyperparameter Optimization of Deep Neural Networks by Extrapolation of Learning Curves},
  Booktitle = {IJCAI},
  year = {2015},
  volume = {15},
  Address = {Palo Alto, California},
  Publisher = {AAAI Press},
  pages = {3460--3468},
  Editor = {	Q. Yang and M. Wooldridge}
}	



@article{klein2016fast,
  title={Fast Bayesian Optimization of Machine Learning Hyperparameters on Large Datasets},
  author={Klein, Aaron and Falkner, Stefan and Bartels, Simon and Hennig, Philipp and Hutter, Frank},
  journal={arXiv preprint arXiv:1605.07079},
  year={2016}
}

@article{chen2016,
  title={Statistical Inference for Model Parameters in Stochastic Gradient Descent.},
  author={Chen, X. and Lee, J.D. and Tong, X.T. and Zhang, Y.},
  journal={arXiv preprint arXiv:1610.08637},
  year={2016}
}



@article{li2016,
  title={Hyperband: A Novel Bandit-Based Approach to Hyperparameter Optimization.},
  author={Li, L. and Jamieson, K. and DeSalvo, G. and Rostamizadeh, A. and Talwalkar, A.},
  journal={arXiv preprint arXiv:1603.06560.},
  year={2016}
}


@book{powell2007approximate,
  title={Approximate Dynamic Programming: Solving the Curses of Dimensionality},
  author={Powell, Warren B},
  volume={703},
  year={2007},
  publisher={John Wiley \& Sons},
  address={Hoboken, NJ}
}

@article{KW,
  title={Stochastic Estimation of the Maximum of a Regression Function},
  author={Kiefer, Jack and Wolfowitz, Jacob},
  journal={The Annals of Mathematical Statistics},
  pages={462--466},
  year={1952},
  publisher={JSTOR}
}